@misc{brendan-burns-conversation,
  TITLE = "Conversation with Brendan Burns, Lead Developer of Kubernetes"}

@misc{google-container-engine,
  TITLE = "Google Container Engine",
  HOWPUBLISHED = "https://cloud.google.com/container-engine/docs/"}

@misc{k8s-horizontal-pod-autoscaler-proposal,
  TITLE = "Kubernetes Horizontal Pod Autoscaler Proposal",
  HOWPUBLISHED =
    "https://github.com/kubernetes/kubernetes/blob/master/docs/proposals/horizontal-pod-autoscaler.md"}

@misc{k8s-website,
  TITLE = "Kubernetes Website",
  HOWPUBLISHED = "http://kubernetes.io"}

@inproceedings{omega,
  title = {Omega: flexible, scalable schedulers for large compute clusters},
  author  = {Malte Schwarzkopf and Andy Konwinski and Michael Abd-El-Malek and
  John Wilkes},
  year  = 2013,
  URL =
    {http://eurosys2013.tudos.org/wp-content/uploads/2013/paper/Schwarzkopf.pdf},
  booktitle = {SIGOPS European Conference on Computer Systems (EuroSys)},
  pages = {351--364},
  address = {Prague, Czech Republic}}
