@misc{brendan-burns-conversation,
  TITLE = "Conversation with Brendan Burns, Lead Developer of Kubernetes"}

@misc{google-container-engine,
  TITLE = "Google Container Engine",
  HOWPUBLISHED = "https://cloud.google.com/container-engine/docs/"}

@misc{k8s-horizontal-pod-autoscaler-proposal,
  TITLE = "Kubernetes Horizontal Pod Autoscaler Proposal",
  HOWPUBLISHED =
    "https://github.com/kubernetes/kubernetes/blob/master/docs/proposals/horizontal-pod-autoscaler.md"}

@misc{k8s-website,
  TITLE = "Kubernetes Website",
  HOWPUBLISHED = "http://kubernetes.io"}

@misc{k8s-pods,
  TITLE = "Kubernetes Pods Documentation",
  HOWPUBLISHED = "http://kubernetes.io/v1.0/docs/user-guide/pods.html"}

@misc{k8s-replication-controllers,
  TITLE = "Kubernetes Replication Controllers",
  HOWPUBLISHED =
    "http://kubernetes.io/v1.0/docs/user-guide/replication-controller.html"}

@misc{k8s-services,
  TITLE = "Kubernetes Services",
  HOWPUBLISHED =
    "http://kubernetes.io/v1.0/docs/user-guide/services.html"}

@misc{docker-website,
  TITLE = "Docker Website",
  HOWPUBLISHED = "https://www.docker.com/"
}

@inproceedings{omega,
  title = {Omega: flexible, scalable schedulers for large compute clusters},
  author  = {Malte Schwarzkopf and Andy Konwinski and Michael Abd-El-Malek and
  John Wilkes},
  year  = 2013,
  URL =
    {http://eurosys2013.tudos.org/wp-content/uploads/2013/paper/Schwarzkopf.pdf},
  booktitle = {SIGOPS European Conference on Computer Systems (EuroSys)},
  pages = {351--364},
  address = {Prague, Czech Republic}}

@book{distributed-systems-concepts-and-design,
 author = {Coulouris, George and Dollimore, Jean and Kindberg, Tim and Blair,
   Gordon},
 title = {Distributed Systems: Concepts and Design},
 year = {2011},
 isbn = {0132143011, 9780132143011},
 edition = {5th},
 publisher = {Addison-Wesley Publishing Company},
 address = {USA},
}

@book{distributed-systems-principles-and-paradigms,
 author = {Tanenbaum, Andrew S. and Steen, Maarten van},
 title = {Distributed Systems: Principles and Paradigms (2Nd Edition)},
 year = {2006},
 isbn = {0132392275},
 publisher = {Prentice-Hall, Inc.},
 address = {Upper Saddle River, NJ, USA},
}

@inproceedings{borg,
title = {Large-scale cluster management at {Google} with {Borg}},
author  = {Abhishek Verma and Luis Pedrosa and Madhukar R. Korupolu and David
  Oppenheimer and Eric Tune and John Wilkes},
year  = 2015,
booktitle = {Proceedings of the European Conference on Computer Systems
  (EuroSys)},
address = {Bordeaux, France}
}
